<record xmlns="http://www.openarchives.org/OAI/2.0/" xmlns:xsi="http://www.w3.org/2001/XMLSchema-instance"><header><identifier>oai:alma.34CSIC_INST:990013529500204201</identifier><datestamp>2020-03-13T08:21:41Z</datestamp><setSpec>manuscripta</setSpec></header><metadata><record xmlns="http://www.loc.gov/MARC21/slim" xmlns:xsi="http://www.w3.org/2001/XMLSchema-instance" xsi:schemaLocation="http://www.loc.gov/MARC21/slim http://www.loc.gov/standards/marcxml/schema/MARC21slim.xsd"><leader>04801ntm a2200613 i 4500</leader><controlfield tag="005">20200312133745.0</controlfield><controlfield tag="008">101004nuuuu                  000 0 ara d</controlfield><controlfield tag="001">990013529500204201</controlfield><datafield tag="035" ind1=" " ind2=" "><subfield code="a">CSIC001352950</subfield></datafield><datafield tag="035" ind1=" " ind2=" "><subfield code="a">(ES-MaCSI)001352950MAD01-Aleph</subfield></datafield><datafield tag="035" ind1=" " ind2=" "><subfield code="a">(OCoLC)1123896518
</subfield></datafield><datafield tag="040" ind1=" " ind2=" "><subfield code="a">ES-MaCSI</subfield><subfield code="b">spa</subfield><subfield code="c">VL</subfield></datafield><datafield tag="245" ind1="1" ind2="0"><subfield code="a">سؤال واجوبة فقهاء فاس‭</subfield><subfield code="h">[‭Manuscrito]</subfield></datafield><datafield tag="260" ind1=" " ind2=" "><subfield code="c">[s. f.].</subfield></datafield><datafield tag="300" ind1=" " ind2=" "><subfield code="a">20 f. ;</subfield><subfield code="c">21 x 15,3 cm (caja: 15,5 x 10 cm).</subfield></datafield><datafield tag="490" ind1="1" ind2=" "><subfield code="a">Manuscripta</subfield></datafield><datafield tag="500" ind1=" " ind2=" "><subfield code="a">Título transliterado: Suʼāl wa-aŷwibat fuqahāʼ Fās</subfield></datafield><datafield tag="546" ind1=" " ind2=" "><subfield code="a">Arabe</subfield><subfield code="b">Escritura magrebí</subfield></datafield><datafield tag="500" ind1=" " ind2=" "><subfield code="a">Distribución: 1 col. Tiene 23 líneas por página</subfield></datafield><datafield tag="500" ind1=" " ind2=" "><subfield code="a">Material: Papel</subfield></datafield><datafield tag="500" ind1=" " ind2=" "><subfield code="a">Tinta: Negra y roja</subfield></datafield><datafield tag="500" ind1=" " ind2=" "><subfield code="a">(بعد الحمدلة والتصلية) هذا سؤال واجوبة فقهاء فاس امنها الله من كل باس Incipit‪</subfield></datafield><datafield tag="500" ind1=" " ind2=" "><subfield code="a">‪Explicit: قال في الشّهود ونسبهم</subfield></datafield><datafield tag="500" ind1=" " ind2=" "><subfield code="a">Lugar de escritura: No consta</subfield></datafield><datafield tag="500" ind1=" " ind2=" "><subfield code="a">Copista: No consta</subfield></datafield><datafield tag="500" ind1=" " ind2=" "><subfield code="a">‪Colofón: No consta</subfield></datafield><datafield tag="500" ind1=" " ind2=" "><subfield code="a">Características especiales: Texto sin vocalizar</subfield></datafield><datafield tag="500" ind1=" " ind2=" "><subfield code="a">Ilustración: No</subfield></datafield><datafield tag="500" ind1=" " ind2=" "><subfield code="a">Ilustraciones: A modo de signo de puntuación o elemento decorativo aparece frecuentemente la coma árabe (،) en tinta roja. Por otro lado, los epígrafes al igual que algunas palabras del texto aparecen en tinta roja, en un trazo mucho más alargado que el resto del texto.</subfield></datafield><datafield tag="500" ind1=" " ind2=" "><subfield code="a">Tipo de cuaderno: 2 cuads.: 2 cuaterniones, más 4 folios sueltos (dos de ellos están pegados).</subfield></datafield><datafield tag="500" ind1=" " ind2=" "><subfield code="a">Deterioros: Galerías, arrugas, pliegues y manchas de humedad que afectan a todos los folios, además de la rotura de algunos folios, aunque el texto se lee bien</subfield></datafield><datafield tag="500" ind1=" " ind2=" "><subfield code="a">H en blanco: No</subfield></datafield><datafield tag="500" ind1=" " ind2=" "><subfield code="a">H dañadas, mutiladas, sueltas: H dañadas: H dañadas: todos los folios están dañados por manchas de humedad. 2 H sueltas folios 1 y 2</subfield></datafield><datafield tag="500" ind1=" " ind2=" "><subfield code="a">H faltan o añadidas: H Faltan: no se puede precisar con exactitud el total de folios que faltan. El volumen es ápodo.</subfield></datafield><datafield tag="500" ind1=" " ind2=" "><subfield code="a">Foliación: Sin foliación original. Foliación moderna a lápiz hecha por Naima Anahnah (2010)</subfield></datafield><datafield tag="500" ind1=" " ind2=" "><subfield code="a">Reclamos: Reclamos en tinta negra en el margen inferior izquierdo de todos los folios verso, excepto en el folio 2v.</subfield></datafield><datafield tag="500" ind1=" " ind2=" "><subfield code="a">Sign. cuad.: No</subfield></datafield><datafield tag="500" ind1=" " ind2=" "><subfield code="a">Pautado: Punta seca (casi inapreciable)</subfield></datafield><datafield tag="500" ind1=" " ind2=" "><subfield code="a">Filigrana: La palabra “Picardo” en letras mayúsculas ahuecadas. Escudo ovalado con un león en el interior y otro a cada lado, y debajo la palabra “FRANCESCO” en letras mayúscula ahuecadas. Escudo cuyo interior es atravesado por una banda perpendicular con trazos en zigzag y acabado con una corona de cinco picos, mientras que debajo de él se leen las letras “F” y “A” en mayúscula ahuecadas.</subfield></datafield><datafield tag="563" ind1=" " ind2=" "><subfield code="a">Encuadernación: Carece de encuadernación.</subfield></datafield><datafield tag="541" ind1=" " ind2=" "><subfield code="a">Escuela de Estudios Arabes</subfield><subfield code="c">[Colección Carlos Quirós]</subfield><subfield code="d">[198-?]</subfield></datafield><datafield tag="500" ind1=" " ind2=" "><subfield code="a">Signatura antigua: No</subfield></datafield><datafield tag="500" ind1=" " ind2=" "><subfield code="a">Anotaciones: Anotaciones marginales muy frecuentes en tinta negra o roja la mayoría de la misma mano del copista y otras de una mano posterior. Las anotaciones son en su mayoría comentarios sobre algunos vocablos o contenidos del texto, para ello se utiliza la palabra قف encima del comentario correspondiente.</subfield></datafield><datafield tag="581" ind1=" " ind2=" "><subfield code="a">Descripción: No</subfield></datafield><datafield tag="510" ind1=" " ind2=" "><subfield code="a">No</subfield></datafield><datafield tag="530" ind1=" " ind2=" "><subfield code="a">Otros soportes: No</subfield></datafield><datafield tag="581" ind1=" " ind2=" "><subfield code="a">Edición: No</subfield></datafield><datafield tag="520" ind1="2" ind2=" "><subfield code="a">Contenido: Suʼāl wa-aŷwibat fuqahāʼ Fās [Incompleto y ápodo]</subfield></datafield><datafield tag="650" ind1=" " ind2="7"><subfield code="a">Oración</subfield><subfield code="x">Islam</subfield><subfield code="v">Manuscritos.</subfield><subfield code="2">CSICAU</subfield></datafield><datafield tag="740" ind1="0" ind2=" "><subfield code="a">Suʼāl wa-aŷwibat fuqahāʼ Fās</subfield></datafield><datafield tag="830" ind1=" " ind2="0"><subfield code="a">Manuscripta</subfield></datafield><datafield tag="856" ind1="4" ind2="1"><subfield code="u">http://aleph.csic.es/imagenes/mad01/0006_PMSC/P_001352950_789251_V00.pdf</subfield><subfield code="z">Descargar Pdf completo (4.3M)</subfield><subfield code="m">CSIC</subfield></datafield><datafield tag="856" ind1="4" ind2="1"><subfield code="u">http://simurg.bibliotecas.csic.es/viewer/image/CSIC001352950/1/</subfield><subfield code="z">Ver texto completo en SIMURG, el portal de fondos digitalizados del CSIC</subfield><subfield code="m">CSIC</subfield></datafield><datafield tag="856" ind1="4" ind2="1"><subfield code="u">http://aleph.csic.es/imagenes/mad01/0006_PMSC/html/001352950.html</subfield><subfield code="z">Ver texto completo en Bookreader</subfield></datafield></record></metadata></record>